<?xml version="1.0" encoding="UTF-8"?><collection xmlns="http://www.loc.gov/MARC21/slim"><record><leader>00410nam--2200145-i-4500</leader><controlfield tag="001">000019522</controlfield><controlfield tag="002">20161230</controlfield><controlfield tag="005">20161230201033</controlfield><controlfield tag="008">060222s1000------------r-----000-0-eng-d</controlfield><datafield ind1=" " ind2=" " tag="080"><subfield code="a">517.91</subfield></datafield><datafield ind1=" " ind2=" " tag="245"><subfield code="a">Delay and functional differential equation and their applications</subfield></datafield><datafield ind1=" " ind2=" " tag="260"><subfield code="a">New York, Academic Press, 1972.Xi + 395 P</subfield></datafield><datafield ind1=" " ind2=" " tag="700"><subfield code="a">Schmitt, Klaus</subfield></datafield><datafield ind1=" " ind2=" " tag="852"><subfield code="a">42430</subfield><subfield code="c">517.9</subfield></datafield><datafield ind1=" " ind2=" " tag="CAT"><subfield code="a">Sys</subfield><subfield code="c">20081022</subfield><subfield code="h">065141</subfield></datafield></record></collection>